<?xml version="1.0" encoding="UTF-8"?><record xmlns="http://www.loc.gov/MARC21/slim" xmlns:cinclude="http://apache.org/cocoon/include/1.0" xmlns:zs="http://www.loc.gov/zing/srw/">
  <leader>00660cz  a2200145n  4500</leader>
  <controlfield tag="001">n  88057037 </controlfield>
  <controlfield tag="003">DLC</controlfield>
  <controlfield tag="005">20130314084249.0</controlfield>
  <controlfield tag="008">880928n| azannaab           |b ana     c</controlfield>
  <datafield tag="010" ind1=" " ind2=" ">
    <subfield code="a">n  88057037 </subfield>
  </datafield>
  <datafield tag="040" ind1=" " ind2=" ">
    <subfield code="a">DI</subfield>
    <subfield code="b">eng</subfield>
    <subfield code="e">rda</subfield>
    <subfield code="c">DLC</subfield>
    <subfield code="d">DLC</subfield>
  </datafield>
  <datafield tag="110" ind1="1" ind2=" ">
    <subfield code="a">United States.</subfield>
    <subfield code="b">Department of the Interior.</subfield>
    <subfield code="b">Departmental Working Group on Water Policy</subfield>
  </datafield>
  <datafield tag="410" ind1="1" ind2=" ">
    <subfield code="w">nnea</subfield>
    <subfield code="a">United States.</subfield>
    <subfield code="b">Dept. of the Interior.</subfield>
    <subfield code="b">Departmental Working Group on Water Policy</subfield>
  </datafield>
  <datafield tag="510" ind1="1" ind2=" ">
    <subfield code="w">r</subfield>
    <subfield code="i">Hierarchical superior:</subfield>
    <subfield code="a">United States.</subfield>
    <subfield code="b">Department of the Interior</subfield>
  </datafield>
  <datafield tag="670" ind1=" " ind2=" ">
    <subfield code="a">Its National water quality assessment ... 1986:</subfield>
    <subfield code="b">t.p. (U.S. Department of the Interior, Departmental Working Group on Water Policy)</subfield>
  </datafield>
</record>